[gd_scene load_steps=7 format=2]

[ext_resource path="res://ui/MainMenu.tscn" type="PackedScene" id=1]
[ext_resource path="res://ui/DebugUI.tscn" type="PackedScene" id=2]
[ext_resource path="res://ui/TowerMenu.tscn" type="PackedScene" id=3]
[ext_resource path="res://ui/TowerSelect.tscn" type="PackedScene" id=4]
[ext_resource path="res://default_theme.tres" type="Theme" id=5]

[sub_resource type="GDScript" id=1]
script/source = "extends Camera2D

func _ready() -> void: GlobalConfig.camera = self

var camera_speed := 500.0
var zoom_sensitivity := 0.03
var min_zoom := 0.1
var zoom_float := 1.0

func _process(delta: float) -> void:
	var movement := Vector2(
		Input.get_action_strength(\"move_right\") - Input.get_action_strength(\"move_left\"),
		Input.get_action_strength(\"move_down\") - Input.get_action_strength(\"move_up\")
	)
	
	position += movement * delta * camera_speed

var is_grabbing := false

func change_zoom(delta: float) -> void:
	zoom_float = max(min_zoom, zoom_float + delta)
	zoom = Vector2(zoom_float, zoom_float)

func _unhandled_input(event: InputEvent) -> void:
	if event.is_action(\"zoom_in\"):
		change_zoom(-zoom_sensitivity)
	elif event.is_action(\"zoom_out\"):
		change_zoom(zoom_sensitivity)
	elif event.is_action(\"grab_camera\"):
		is_grabbing = event.is_pressed()
	elif is_grabbing and event is InputEventMouseMotion:
		position -= event.relative * zoom.x
"

[node name="Main" type="Node2D"]

[node name="UI" type="CanvasLayer" parent="."]

[node name="Control" type="Control" parent="UI"]
anchor_right = 1.0
anchor_bottom = 1.0
mouse_filter = 2
theme = ExtResource( 5 )
__meta__ = {
"_edit_use_anchors_": false
}

[node name="HBoxContainer" type="HBoxContainer" parent="UI/Control"]
anchor_right = 1.0
anchor_bottom = 1.0
mouse_filter = 2
__meta__ = {
"_edit_use_anchors_": false
}

[node name="TowerSelect" parent="UI/Control/HBoxContainer" instance=ExtResource( 4 )]
anchor_right = 0.0
anchor_bottom = 0.0
margin_right = 143.0
margin_bottom = 600.0

[node name="VBoxContainer" type="VBoxContainer" parent="UI/Control/HBoxContainer"]
margin_left = 147.0
margin_right = 811.0
margin_bottom = 600.0
grow_vertical = 0
mouse_filter = 2
size_flags_horizontal = 3

[node name="Padding" type="Control" parent="UI/Control/HBoxContainer/VBoxContainer"]
margin_right = 664.0
margin_bottom = 544.0
mouse_filter = 2
size_flags_vertical = 3

[node name="TowerMenu" parent="UI/Control/HBoxContainer/VBoxContainer" instance=ExtResource( 3 )]
anchor_right = 0.0
anchor_bottom = 0.0
margin_top = 548.0
margin_right = 664.0
margin_bottom = 600.0

[node name="DebugUI" parent="UI/Control/HBoxContainer" instance=ExtResource( 2 )]
anchor_right = 0.0
anchor_bottom = 0.0
margin_left = 815.0
margin_right = 1024.0
margin_bottom = 600.0

[node name="MainMenu" parent="UI" instance=ExtResource( 1 )]
pause_mode = 2
visible = false

[node name="Map" type="Node2D" parent="."]

[node name="Towers" type="Node2D" parent="."]

[node name="Camera2D" type="Camera2D" parent="."]
current = true
script = SubResource( 1 )

[node name="Enemies" type="Node2D" parent="."]

[node name="Effects" type="Node2D" parent="."]

[node name="Sprite" type="Sprite" parent="Effects"]

[node name="Debug" type="Node2D" parent="."]
visible = false
