[gd_scene load_steps=5 format=2]

[ext_resource path="res://default_theme.tres" type="Theme" id=1]

[sub_resource type="GDScript" id=1]
script/source = "extends PanelContainer

func _on_StartWave_pressed() -> void:
	BuildPhase.request_end_build_phase()

func _ready() -> void:
	PhaseManager.connect(\"phase_changed\", self, \"set_phase\")
	set_phase(PhaseManager.current_phase)

	WavePhase.connect(\"wave_started\", self, \"set_wave\")
	set_wave(WavePhase.current_wave)

	WavePhase.connect(\"health_changed\", self, \"set_health\")
	set_health(0, WavePhase.health)

	MoneyManager.connect(\"money_changed\", self, \"set_money\")
	set_money(0, MoneyManager.money)

func set_phase(phase: int) -> void:
	$Margin/Elements/Phase.text = str(\"Phase: \", PhaseManager.get_phase_as_string(phase))
	$Margin/Elements/StartWave.disabled = phase != PhaseManager.Phase.Build

func set_wave(wave: int) -> void:
	$Margin/Elements/Wave.text = str(\"Wave: \", wave)

func set_health(delta: int, total: int) -> void:
	$Margin/Elements/Health.text = str(\"Health: \", total)

func set_money(delta: int, total: int) -> void:
	$Margin/Elements/Money.text = str(\"$\", total)

func set_timescale(timescale: float) -> void:
	Engine.time_scale = timescale
"

[sub_resource type="InputEventAction" id=2]
action = "start_wave"
pressed = true

[sub_resource type="ShortCut" id=3]
shortcut = SubResource( 2 )

[node name="Panel" type="PanelContainer"]
anchor_right = 1.0
anchor_bottom = 1.0
theme = ExtResource( 1 )
script = SubResource( 1 )
__meta__ = {
"_edit_use_anchors_": false
}

[node name="Margin" type="MarginContainer" parent="."]
margin_left = 7.0
margin_top = 7.0
margin_right = 1017.0
margin_bottom = 593.0
custom_constants/margin_right = 10
custom_constants/margin_top = 10
custom_constants/margin_left = 10
custom_constants/margin_bottom = 10
__meta__ = {
"_edit_use_anchors_": false
}

[node name="Elements" type="VBoxContainer" parent="Margin"]
margin_left = 10.0
margin_top = 10.0
margin_right = 1000.0
margin_bottom = 179.0
size_flags_vertical = 0

[node name="DebugUI" type="Label" parent="Margin/Elements"]
margin_right = 990.0
margin_bottom = 14.0
size_flags_vertical = 1
text = "Debug UI"
align = 1

[node name="StartWave" type="Button" parent="Margin/Elements"]
margin_top = 18.0
margin_right = 990.0
margin_bottom = 38.0
grow_horizontal = 2
grow_vertical = 2
size_flags_vertical = 0
shortcut = SubResource( 3 )
text = "Start wave"

[node name="Wave" type="Label" parent="Margin/Elements"]
margin_top = 42.0
margin_right = 990.0
margin_bottom = 56.0
size_flags_vertical = 1
text = "Wave"
align = 1

[node name="Phase" type="Label" parent="Margin/Elements"]
margin_top = 60.0
margin_right = 990.0
margin_bottom = 74.0
size_flags_vertical = 1
text = "Phase:"
align = 1

[node name="Money" type="Label" parent="Margin/Elements"]
margin_top = 78.0
margin_right = 990.0
margin_bottom = 92.0
size_flags_vertical = 1
text = "Money:"
align = 1

[node name="Health" type="Label" parent="Margin/Elements"]
margin_top = 96.0
margin_right = 990.0
margin_bottom = 110.0
size_flags_vertical = 1
text = "Health:"
align = 1

[node name="TimescaleContainer" type="VBoxContainer" parent="Margin/Elements"]
margin_top = 114.0
margin_right = 990.0
margin_bottom = 169.0

[node name="Timescale" type="Label" parent="Margin/Elements/TimescaleContainer"]
margin_left = 460.0
margin_right = 529.0
margin_bottom = 31.0
size_flags_horizontal = 4
size_flags_vertical = 0
text = "Timescale:
"

[node name="SpeedButtons" type="HBoxContainer" parent="Margin/Elements/TimescaleContainer"]
margin_left = 407.0
margin_top = 35.0
margin_right = 582.0
margin_bottom = 55.0
grow_horizontal = 2
size_flags_horizontal = 4

[node name="TenthSpeed" type="Button" parent="Margin/Elements/TimescaleContainer/SpeedButtons"]
margin_right = 39.0
margin_bottom = 20.0
text = "x0.1"

[node name="HalfSpeed" type="Button" parent="Margin/Elements/TimescaleContainer/SpeedButtons"]
margin_left = 43.0
margin_right = 82.0
margin_bottom = 20.0
text = "x0.5"

[node name="NormalSpeed" type="Button" parent="Margin/Elements/TimescaleContainer/SpeedButtons"]
margin_left = 86.0
margin_right = 113.0
margin_bottom = 20.0
text = "x1"

[node name="DoubleSpeed" type="Button" parent="Margin/Elements/TimescaleContainer/SpeedButtons"]
margin_left = 117.0
margin_right = 144.0
margin_bottom = 20.0
text = "x2"

[node name="FiveTimesSpeed" type="Button" parent="Margin/Elements/TimescaleContainer/SpeedButtons"]
margin_left = 148.0
margin_right = 175.0
margin_bottom = 20.0
text = "x5"
[connection signal="pressed" from="Margin/Elements/StartWave" to="." method="_on_StartWave_pressed"]
[connection signal="pressed" from="Margin/Elements/TimescaleContainer/SpeedButtons/TenthSpeed" to="." method="set_timescale" binds= [ 0.1 ]]
[connection signal="pressed" from="Margin/Elements/TimescaleContainer/SpeedButtons/HalfSpeed" to="." method="set_timescale" binds= [ 0.5 ]]
[connection signal="pressed" from="Margin/Elements/TimescaleContainer/SpeedButtons/NormalSpeed" to="." method="set_timescale" binds= [ 1.0 ]]
[connection signal="pressed" from="Margin/Elements/TimescaleContainer/SpeedButtons/DoubleSpeed" to="." method="set_timescale" binds= [ 2.0 ]]
[connection signal="pressed" from="Margin/Elements/TimescaleContainer/SpeedButtons/FiveTimesSpeed" to="." method="set_timescale" binds= [ 5.0 ]]
